<record><leader>00000cas a2200000 a 4500</leader><controlfield tag="001">6512187</controlfield><controlfield tag="007">hd afa015baca</controlfield><controlfield tag="007">hd bfa015baaa</controlfield><controlfield tag="008">800714d19511955nyumx n a     0   a0eng c</controlfield><datafield ind1=" " ind2=" " tag="010"><subfield code="a">sn 94088203 </subfield></datafield><datafield ind1=" " ind2=" " tag="040"><subfield code="a">SNN</subfield><subfield code="b">eng</subfield><subfield code="c">SNN</subfield><subfield code="d">RQM</subfield><subfield code="d">OCL</subfield><subfield code="d">WAU</subfield><subfield code="d">OCLCQ</subfield><subfield code="d">OCLCF</subfield><subfield code="d">WAU</subfield><subfield code="d">OCLCA</subfield><subfield code="d">OCLCO</subfield><subfield code="d">OCLCA</subfield><subfield code="d">OCLCQ</subfield><subfield code="d">OCLCO</subfield><subfield code="d">ZYU</subfield><subfield code="d">OCLCQ</subfield></datafield><datafield ind1=" " ind2=" " tag="012"><subfield code="i">8007</subfield></datafield><datafield ind1=" " ind2=" " tag="019"><subfield code="a">4335041</subfield><subfield code="a">191709638</subfield><subfield code="a">476911604</subfield></datafield><datafield ind1=" " ind2=" " tag="042"><subfield code="a">pcc</subfield></datafield><datafield ind1=" " ind2=" " tag="043"><subfield code="a">n-us---</subfield></datafield><datafield ind1="0" ind2=" " tag="130"><subfield code="a">Freedom (New York, N.Y. : 1951)</subfield></datafield><datafield ind1="1" ind2="0" tag="245"><subfield code="a">Freedom.</subfield></datafield><datafield ind1=" " ind2=" " tag="260"><subfield code="a">New York :</subfield><subfield code="b">Freedom Associates</subfield></datafield><datafield ind1=" " ind2=" " tag="300"><subfield code="a">volumes :</subfield><subfield code="b">illustrations</subfield></datafield><datafield ind1=" " ind2=" " tag="310"><subfield code="a">Monthly (slightly irregular)</subfield></datafield><datafield ind1=" " ind2=" " tag="336"><subfield code="a">text</subfield><subfield code="b">txt</subfield><subfield code="2">rdacontent</subfield></datafield><datafield ind1=" " ind2=" " tag="337"><subfield code="a">microform</subfield><subfield code="b">h</subfield><subfield code="2">rdamedia</subfield></datafield><datafield ind1=" " ind2=" " tag="338"><subfield code="a">microfilm reel</subfield><subfield code="b">hd</subfield><subfield code="2">rdacarrier</subfield></datafield><datafield ind1="1" ind2=" " tag="362"><subfield code="a">Began with: Vol. 1, no. 1 (Jan. 1951); ceased with v. 5 in 1955.</subfield></datafield><datafield ind1=" " ind2=" " tag="500"><subfield code="a">Chairman of the editorial board: Paul Robeson; editor, 1950-1955: Louis E. Burnham.</subfield></datafield><datafield ind1=" " ind2=" " tag="533"><subfield code="a">Microfilm.</subfield><subfield code="m">v.1-5 (1951-1955)</subfield><subfield code="b">New York :</subfield><subfield code="c">New York Public Library.</subfield><subfield code="e">2 microfilm reels ; 35 mm.</subfield><subfield code="5">NN</subfield></datafield><datafield ind1=" " ind2=" " tag="533"><subfield code="a">Microfilm.</subfield><subfield code="b">[United States] :</subfield><subfield code="c">Microfilmed from Tamiment Collection,</subfield><subfield code="d">1973.</subfield><subfield code="e">1 microfilm reel ; 35 mm.</subfield><subfield code="n">Film run incomplete? No issues included for Sept.-Dec. 1954. Cf. note on film container.</subfield><subfield code="5">NNU</subfield></datafield><datafield ind1=" " ind2=" " tag="588"><subfield code="a">Description based on: Vol. 1, no. 2 (Feb. 1951); title from caption.</subfield></datafield><datafield ind1=" " ind2=" " tag="588"><subfield code="a">Latest issue consulted: Vol. 5, no. 6 (Aug. 1955).</subfield></datafield><datafield ind1=" " ind2="0" tag="650"><subfield code="a">African Americans</subfield><subfield code="x">Civil rights</subfield><subfield code="z">United States</subfield><subfield code="v">Newspapers.</subfield></datafield><datafield ind1=" " ind2="0" tag="650"><subfield code="a">African Americans</subfield><subfield code="x">Economic conditions</subfield><subfield code="v">Newspapers.</subfield></datafield><datafield ind1=" " ind2="0" tag="651"><subfield code="a">United States</subfield><subfield code="x">Race relations</subfield><subfield code="v">Newspapers.</subfield></datafield><datafield ind1=" " ind2="0" tag="650"><subfield code="a">Civil rights</subfield><subfield code="z">United States</subfield><subfield code="v">Newspapers.</subfield></datafield><datafield ind1=" " ind2="0" tag="650"><subfield code="a">Civil rights and socialism</subfield><subfield code="z">United States</subfield><subfield code="v">Newspapers.</subfield></datafield><datafield ind1=" " ind2="7" tag="650"><subfield code="a">African Americans</subfield><subfield code="x">Civil rights.</subfield><subfield code="2">fast</subfield><subfield code="0">(OCoLC)fst00799575</subfield></datafield><datafield ind1=" " ind2="7" tag="650"><subfield code="a">African Americans</subfield><subfield code="x">Economic conditions.</subfield><subfield code="2">fast</subfield><subfield code="0">(OCoLC)fst00799599</subfield></datafield><datafield ind1=" " ind2="7" tag="650"><subfield code="a">Civil rights.</subfield><subfield code="2">fast</subfield><subfield code="0">(OCoLC)fst00862627</subfield></datafield><datafield ind1=" " ind2="7" tag="650"><subfield code="a">Civil rights and socialism.</subfield><subfield code="2">fast</subfield><subfield code="0">(OCoLC)fst00862703</subfield></datafield><datafield ind1=" " ind2="7" tag="650"><subfield code="a">Race relations.</subfield><subfield code="2">fast</subfield><subfield code="0">(OCoLC)fst01086509</subfield></datafield><datafield ind1=" " ind2="7" tag="651"><subfield code="a">United States.</subfield><subfield code="2">fast</subfield><subfield code="0">(OCoLC)fst01204155</subfield></datafield><datafield ind1=" " ind2="7" tag="655"><subfield code="a">Newspapers.</subfield><subfield code="2">fast</subfield><subfield code="0">(OCoLC)fst01423814</subfield></datafield><datafield ind1=" " ind2="7" tag="655"><subfield code="a">Newspapers.</subfield><subfield code="2">lcgft</subfield></datafield><datafield ind1=" " ind2="7" tag="655"><subfield code="a">African American newspapers.</subfield><subfield code="2">ngl</subfield></datafield><datafield ind1=" " ind2="7" tag="655"><subfield code="a">Communist newspapers.</subfield><subfield code="2">ngl</subfield></datafield><datafield ind1="1" ind2=" " tag="700"><subfield code="a">Robeson, Paul,</subfield><subfield code="d">1898-1976,</subfield><subfield code="e">editorial director.</subfield></datafield><datafield ind1="1" ind2=" " tag="700"><subfield code="a">Burnham, Louis E.,</subfield><subfield code="e">editor.</subfield></datafield><datafield ind1="1" ind2=" " tag="700"><subfield code="a">Robeson, Paul,</subfield><subfield code="c">Jr.,</subfield><subfield code="d">1927-2014,</subfield><subfield code="e">contributor.</subfield></datafield><datafield ind1="0" ind2="8" tag="776"><subfield code="i">Print version:</subfield><subfield code="t">Freedom (New York, N.Y. : 1951)</subfield><subfield code="w">(DLC)sn 95023324</subfield><subfield code="w">(OCoLC)18293472</subfield></datafield><datafield ind1=" " ind2=" " tag="850"><subfield code="a">NN</subfield><subfield code="a">NN (master)</subfield></datafield><datafield ind1=" " ind2=" " tag="936"><subfield code="a">AACR2=WAU</subfield></datafield><datafield ind1="1" ind2=" " tag="029"><subfield code="a">AU@</subfield><subfield code="b">000025886671</subfield></datafield></record>